<record xmlns="http://www.loc.gov/MARC21/slim" xmlns:xsi="http://www.w3.org/2001/XMLSchema-instance" xsi:schemaLocation="http://www.loc.gov/MARC21/slim http://www.loc.gov/standards/marcxml/schema/MARC21slim.xsd"><leader>     nam a22        4500</leader><controlfield tag="001">3063345</controlfield><controlfield tag="003">NNC</controlfield><controlfield tag="006">m        d        </controlfield><controlfield tag="007">cr cn |||m|||a</controlfield><controlfield tag="008">150313s1935    ua c    o     000 0 ara d</controlfield><datafield ind1=" " ind2=" " tag="040"><subfield code="a">NNU</subfield><subfield code="b">eng</subfield><subfield code="e">rda</subfield><subfield code="c">NNU</subfield></datafield><datafield ind1="1" ind2=" " tag="041"><subfield code="a">ara</subfield><subfield code="h">per</subfield></datafield><datafield ind1=" " ind2="4" tag="050"><subfield code="a">B825</subfield><subfield code="b">.A312 1935</subfield></datafield><datafield ind1="1" ind2=" " tag="100"><subfield code="6">880-01</subfield><subfield code="a">Afgha&#772;ni&#772;, Jama&#772;l al-Di&#772;n,</subfield><subfield code="d">1838-1897.</subfield></datafield><datafield ind1="1" ind2="0" tag="240"><subfield code="6">880-02</subfield><subfield code="a">Naychari&#772;yah.</subfield><subfield code="l">Arabic</subfield></datafield><datafield ind1="1" ind2="3" tag="245"><subfield code="6">880-03</subfield><subfield code="a">al-Radd &#699;ala&#769; al-dahri&#772;yi&#772;n /</subfield><subfield code="c">lil-Sayyid Jama&#772;l al-Di&#772;n al-Afgha&#772;ni&#772; ; naqalaha&#772; min al-lughah al-Fa&#772;risi&#772;yah ila&#769; al-lughah al-&#699;Arabi&#772;yah Muh&#803;ammad &#699;Abduh.</subfield></datafield><datafield ind1=" " ind2=" " tag="260"><subfield code="6">880-04</subfield><subfield code="a">Mis&#803;r :</subfield><subfield code="b">al-Mat&#803;ba&#699;ah al-Mah&#803;mu&#772;di&#772;yah al-Tija&#772;ri&#772;yah,</subfield><subfield code="c">1935.</subfield></datafield><datafield ind1=" " ind2=" " tag="300"><subfield code="a">online resource (80 pages) :</subfield><subfield code="b">portraits</subfield></datafield><datafield ind1=" " ind2=" " tag="336"><subfield code="a">text</subfield><subfield code="2">rdacontent</subfield></datafield><datafield ind1=" " ind2=" " tag="337"><subfield code="a">computer</subfield><subfield code="2">rdamedia</subfield></datafield><datafield ind1=" " ind2=" " tag="338"><subfield code="a">online resource</subfield><subfield code="2">rdacarrier</subfield></datafield><datafield ind1=" " ind2=" " tag="500"><subfield code="a">Part of the Arabic Collections Online (ACO) project, contributed by Columbia University Libraries.</subfield></datafield><datafield ind1=" " ind2=" " tag="533"><subfield code="a">Electronic reproduction.</subfield><subfield code="b">New York, N.Y. :</subfield><subfield code="c">New York University,</subfield><subfield code="d">2015.</subfield><subfield code="5">NNU</subfield></datafield><datafield ind1=" " ind2="0" tag="650"><subfield code="a">Materialism.</subfield></datafield><datafield ind1=" " ind2="0" tag="650"><subfield code="a">Islam</subfield><subfield code="v">Apologetic works.</subfield></datafield><datafield ind1=" " ind2="7" tag="650"><subfield code="a">Islam.</subfield><subfield code="2">fast</subfield><subfield code="0">(OCoLC)fst00979776</subfield></datafield><datafield ind1=" " ind2="7" tag="650"><subfield code="a">Materialism.</subfield><subfield code="2">fast</subfield><subfield code="0">(OCoLC)fst01011758</subfield></datafield><datafield ind1=" " ind2="7" tag="655"><subfield code="a">Apologetic works.</subfield><subfield code="2">fast</subfield><subfield code="0">(OCoLC)fst01423698</subfield></datafield><datafield ind1="0" ind2=" " tag="700"><subfield code="6">880-05</subfield><subfield code="a">Muh&#803;ammad &#699;Abduh,</subfield><subfield code="d">1849-1905.</subfield></datafield><datafield ind1="2" ind2=" " tag="710"><subfield code="a">Columbia University.</subfield><subfield code="b">Libraries.</subfield></datafield><datafield ind1="0" ind2=" " tag="730"><subfield code="a">Arabic Collections Online.</subfield></datafield><datafield ind1="0" ind2="8" tag="776"><subfield code="i">Print version:</subfield><subfield code="a">Afgha&#772;ni&#772;, Jama&#772;l al-Di&#772;n, 1838-1897.</subfield><subfield code="t">al-Radd &#699;ala&#769; al-dahri&#772;yi&#772;n</subfield><subfield code="w">(NNC)3063345</subfield><subfield code="w">(OCoLC)47758541</subfield></datafield><datafield ind1="4" ind2="0" tag="856"><subfield code="u">http://hdl.handle.net/2333.1/cc2fr1k7</subfield></datafield><datafield ind1="1" ind2=" " tag="880"><subfield code="6">100-01/r</subfield><subfield code="a">&#1575;&#1601;&#1594;&#1575;&#1606;&#1610;&#1548; &#1580;&#1605;&#1575;&#1604; &#1575;&#1604;&#1583;&#1610;&#1606;&#1548;,</subfield><subfield code="d">1838-1897.</subfield></datafield><datafield ind1="1" ind2="0" tag="880"><subfield code="6">240-02/r</subfield><subfield code="a">&#1606;&#1609;&#1670;&#1585;&#1610;&#1577;.</subfield><subfield code="l">&#1593;&#1585;&#1576;&#1610;&#1577;</subfield></datafield><datafield ind1="1" ind2="2" tag="880"><subfield code="6">245-03/r</subfield><subfield code="a">&#1575;&#1604;&#1585;&#1583; &#1593;&#1604;&#1609; &#1575;&#1604;&#1583;&#1607;&#1585;&#1610;&#1610;&#1606; /</subfield><subfield code="c">&#1604;&#1604;&#1587;&#1610;&#1583; &#1580;&#1605;&#1575;&#1604; &#1575;&#1604;&#1583;&#1610;&#1606; &#1575;&#1604;&#1575;&#1601;&#1594;&#1575;&#1606;&#1610; &#1563; &#1606;&#1602;&#1604;&#1607;&#1575; &#1605;&#1606; &#1575;&#1604;&#1604;&#1594;&#1577; &#1575;&#1604;&#1601;&#1575;&#1585;&#1587;&#1610;&#1577; &#1575;&#1604;&#1609; &#1575;&#1604;&#1604;&#1594;&#1577; &#1575;&#1604;&#1593;&#1585;&#1576;&#1610;&#1577; &#1605;&#1581;&#1605;&#1583; &#1593;&#1576;&#1583;&#1607;.</subfield></datafield><datafield ind1=" " ind2=" " tag="880"><subfield code="6">260-04/r</subfield><subfield code="a">&#1605;&#1589;&#1585; :</subfield><subfield code="b">&#1575;&#1604;&#1605;&#1591;&#1576;&#1593;&#1577; &#1575;&#1604;&#1605;&#1581;&#1605;&#1608;&#1583;&#1610;&#1577; &#1575;&#1604;&#1578;&#1580;&#1575;&#1585;&#1610;&#1577;&#1548;</subfield><subfield code="c">1935.</subfield></datafield><datafield ind1="0" ind2=" " tag="880"><subfield code="6">700-05/r</subfield><subfield code="a">&#1605;&#1581;&#1605;&#1583; &#1593;&#1576;&#1583;&#1607;&#1548;,</subfield><subfield code="d">1849-1905.</subfield></datafield><datafield ind1=" " ind2=" " tag="959"><subfield code="a">NNU</subfield><subfield code="b">WEB</subfield><subfield code="c">GENI</subfield><subfield code="t">0</subfield><subfield code="m">Electronic access</subfield><subfield code="s">01</subfield></datafield><datafield ind1=" " ind2=" " tag="999"><subfield code="i">NNC_3063345</subfield><subfield code="o">(OCoLC)ocm47758541 </subfield><subfield code="s">columbia_aco000566</subfield></datafield></record>